1992 3717
30 103 32 140 l

233 126 395 181 UBER
426 128 635 181 ullius.
738 150 782 193 try

80 214 148 279 Sept
159 226 230 263 nacto
240 213 353 263 somnum
361 214 442 279 peperi
453 215 512 263 tibi:
523 228 549 265 at
563 217 611 282 ipse
622 218 733 269 bibebam

115 278 202 328 Sobria
212 279 239 327 su
288 276 331 329 fita
341 278 426 344 pocula
435 280 512 329 vilior
522 296 593 392 apua.

80 344 142 393 Non
180 355 232 392 ote
299 342 416 408 prudente
428 345 523 409 ignosce
544 346 627 396 arenti.
705 383 717 414 0

113 410 129 457 J
173 422 185 456 t
195 412 282 459 Amor.
299 411 393 456 Contra
404 412 457 473 quir
468 406 529 457 serat
538 425 605 461 arrna
617 415 698 463 neos!

80 468 124 520 llle
163 487 181 521 o
191 472 262 531 sum,
274 487 317 521 nec
327 488 367 521 me
379 476 429 536 jam
437 471 515 521 dicere
525 489 582 523 vera
592 474 708 541 pudebit,

178 536 220 585 bat
231 551 283 586 tota
295 539 335 585 cui
346 551 388 586 tua
395 537 464 585 nolle
476 538 550 587 canit.

79 602 139 650 Non
149 598 235 649 frustra
245 599 344 666 quidam
352 605 405 679 jam
415 603 514 650 nuncin
524 600 608 651 limine
617 604 703 669 perllat

111 663 228 725 Sedulus,
241 680 269 713 ac
283 666 366 714 erebro
378 666 508 730 prospicit,
525 681 552 715 at
563 666 669 733 refugit3

79 731 109 778 Et
118 726 215 777 simulat
226 726 321 777 tranfire
331 728 448 788 domum,
462 746 521 779 naor
530 730 615 781 deinde
630 733 730 785 recurrit

111 793 198 852 Solus,
211 796 235 842 bt
246 808 301 842 ante
310 795 372 859 ipsas
382 807 475 842 excreat
489 794 562 861 usque
576 794 646 847 soret.

76 858 170 907 Nescio
199 855 242 905 uid
255 856 358 907 furtivus
370 874 439 908 amor
451 872 535 923 parat=
548 874 630 921 utere,
641 862 738 928 queso,

110 874 261 983 Dumiieet3
272 925 298 970 in
306 921 398 988 liquida
406 938 448 972 nat
459 925 505 972 tibi
516 922 587 974 linter
596 940 666 991 aqua.

76 985 147 1049 Quid
156 1001 239 1035 tenera
249 987 295 1035 tibi
304 992 406 1053 coniuge
415 989 489 1053 bpus,
506 1002 548 1037 tua
559 986 575 1036 fi
585 990 648 1039 bona
657 989 731 1041 nescis

111 1054 227 1100 Servare?
237 1052 286 1110 ah,
300 1049 385 1100 frustra
399 1050 473 1101 clavis
487 1050 546 1101 inest
557 1051 657 1105 foribus.

74 1118 113 1166 Te
125 1129 207 1173 tenet,
224 1116 329 1165 absentes
338 1115 398 1165 alioc
408 1115 508 1181 suspirat
520 1132 630 1179 amores,

108 1184 142 1229 Et
150 1176 245 1228 fimulat
254 1176 335 1228 subiti>
342 1176 489 1229 condoluisse
499 1195 579 1247 caput.

75 1246 112 1295 At
120 1245 186 1293 inihi
197 1242 335 1293 seruandam
344 1243 438 1293 credar:
449 1260 499 1294 non
510 1245 571 1293 sava
581 1246 663 1297 recuso

109 1308 234 1368 Verbera,
243 1308 347 1357 detrecto
359 1324 408 1359 non
423 1324 469 1375 ego
482 1308 563 1357 vincla
575 1310 672 1374 pedum.

75 1376 147 1423 'sunt
156 1372 242 1438 procul
251 1370 344 1433 abstir,
355 1374 463 1439 quisquis
474 1371 533 1422 colit
542 1387 593 1421 arte
604 1373 719 1439 capillos,

109 1436 194 1487 Effluit
206 1433 279 1486 effuso
292 1440 330 1487 cul
342 1451 399 1504 toga
409 1437 462 1487 laxa
473 1434 532 1486 sinu.

75 1502 197 1568 Quisquia
205 1506 230 1552 bt
241 1516 364 1562 occurret,
373 1518 403 1550 ne
412 1500 482 1567 poffit
489 1504 580 1551 crimen
589 1502 692 1565 habere,

108 1572 160 1615 stet
172 1566 271 1631 procul,
284 1581 356 1632 atque
366 1566 413 1615 alia
421 1565 464 1616 lbet
474 1565 557 1631 procul
566 1566 621 1616 anti
632 1570 681 1618 via.

75 1633 114 1682 Sic
125 1629 178 1680 feti
192 1632 259 1695 jubet
269 1632 318 1695 ipse
327 1635 404 1679 Deus:
415 1628 445 1679 lic
458 1646 545 1696 magna
556 1630 662 1683 sacerdos

108 1694 149 1744 Est
161 1695 226 1743 mihi
238 1694 323 1745 divino
337 1696 469 1745 vaticinata
483 1694 553 1745 sono.

75 1759 188 1825 necubi
198 1757 300 1808 bellone
312 1774 382 1809 motu
395 1758 427 1808 eil
438 1759 545 1825 agitata,
561 1774 604 1809 net
617 1776 696 1811 acrem

108 1823 261 1883 thmam,
274 1839 324 1874 non
331 1839 411 1873 amens
422 1825 520 1874 verbera
531 1838 595 1875 torta
609 1827 689 1877 timet.

73 1889 130 1956 lpn
144 1890 246 1954 bipenne
256 1888 308 1937 suot
318 1888 388 1937 cadit
398 1887 505 1938 violenta
519 1886 633 1947 interret,

107 1954 275 2021 Sanguineque
284 1949 358 2003 effitso
367 1954 455 2019 spargit
463 1951 541 2001 inulta
548 1956 634 2001 Deam.

73 2021 175 2085 Statque
185 2017 247 2067 latus
261 2014 357 2083 prefixa
366 2033 441 2076 veru,
450 2016 494 2067 stat
506 2016 583 2067 saucia
593 2016 689 2081 peiluaa

107 2087 139 2133 Et
149 2084 215 2132 canit
224 2096 338 2141 mentm,
366 2097 409 2131 uos
420 2086 471 2130 Dea
482 2096 570 2147 magna
579 2094 670 2129 monet.

74 2148 184 2206 Parcite,
195 2162 270 2212 quarn
349 2145 351 2149 ’
363 2148 384 2195 it
394 2150 484 2205 Amor,
495 2145 586 2196 violare
596 2144 698 2210 puellam
704 2174 717 2208 9

107 2214 146 2260 Ne
157 2212 237 2277 pigeat
248 2226 337 2277 magno
346 2208 397 2275 poll
412 2205 521 2259 didicisse
534 2207 608 2258 malo.
681 2218 685 2226 '

74 2278 209 2343 attigeris:
224 2274 333 2325 labentur
347 2290 403 2340 oper
411 2307 420 2334 ,
436 2288 463 2330 ut
476 2272 572 2323 vulnere
582 2270 662 2323 nolito

189 2340 195 2353 ¹
215 2373 224 2398 ,
238 2353 266 2389 ut
277 2340 318 2388 hic
328 2340 407 2391 ventis
416 2336 576 2451 diripiturpue
586 2338 654 2386 cinis.

74 2405 106 2457 Et
117 2406 164 2455 tilu
177 2403 327 2471 nescioquas
337 2402 398 2453 dixit
405 2436 415 2463 ,
429 2418 485 2453 mea
493 2406 529 2452 De
541 2404 577 2461 ¹2,
594 2416 691 2467 ptenaea
740 2434 753 2445 ··

109 2471 133 2520 si
144 2466 365 2528 ramenadmittaa,
381 2464 409 2517 fit
417 2501 426 2527 ,
457 2484 538 2527 recor,
552 2464 592 2517 illa
602 2465 669 2517 levia.

73 2533 135 2609 Non
144 2549 224 2603 agore
235 2546 331 2601 propter
340 2548 411 2601 patto
422 2534 441 2585 ti
457 2534 483 2587 it
494 2530 533 2588 ret
544 2546 584 2587 tua
593 2544 671 2587 intret·
704 2531 708 2539 '
724 2579 727 2583 .
742 2564 760 2609 ‚g
