1992 3717
34 57 42 66 ι

35 175 42 192 k

236 231 485 291 cacurri
516 234 686 286 Llllllll⁴
787 251 814 285 ιι

118 322 235 385 Nonest,
251 322 302 383 mi,
319 321 578 383 ruale5sedbene52c
591 324 676 383 beate,

118 388 195 453 Quod
206 404 255 438 non
266 387 402 453 dispereunt
415 390 452 437 tui
464 386 565 437 labores.

27 491 35 506 .
117 457 162 503 Dii
175 456 273 521 magni,
287 452 430 501 horribilem
443 456 467 502 δι
478 450 571 502 sacrum
583 450 707 503 libellum!

23 547 29 574 2
116 522 201 581 Quem
209 534 237 567 tu
246 515 335 565 scilicet
347 516 377 566 ad
386 532 456 565 tuum
468 518 593 567 Catullum

26 583 33 604 '
116 582 203 643 Milli,
221 584 341 631 continuo
351 596 378 631 ut
391 581 430 630 die
445 584 533 647 periret

116 646 281 698 saturnalibus
292 649 386 711 optimo
395 645 498 695 dierum.

115 715 194 771 Non,
209 727 259 761 rron
270 714 317 760 hoc
327 712 388 770 tibi,
399 711 456 773 salse
462 745 471 771 ,
486 708 517 760 fic
525 712 620 761 abibite

115 778 185 826 Nam
197 773 215 824 fi
226 776 329 835 luxerit,
346 774 376 824 ad
390 774 544 825 librariorum

116 842 223 889 Curram
237 841 336 889 scrinio:
350 836 453 900 Caefios,
468 843 578 907 Aquluoe
586 874 596 900 ‚

116 901 212 953 Suffene
226 908 309 954 orunla
321 902 434 971 colligam
446 920 538 955 venena
545 939 554 965 ,

115 971 189 1017 Acte
200 970 238 1017 his
253 966 372 1035 suppliciis
388 971 564 1019 remunerabor.

116 1037 168 1083 Vos
182 1034 238 1081 hinc
253 1036 343 1081 interea
359 1032 453 1093 valete,
468 1036 533 1084 abite

116 1091 194 1158 Illuc,
206 1096 268 1145 unde
278 1096 370 1147 malum
381 1097 466 1163 pedem
474 1097 576 1159 tulistis,

116 1160 178 1211 Secll
190 1160 344 1211 incommoda
352 1196 363 1222 ,
372 1160 461 1228 polloni
473 1168 561 1229 poetae

119 1288 796 1349 m

423 1424 495 1473 XV*

277 1550 333 1602 Αἰ)
367 1554 640 1605 Aunuruec.

182 1680 361 1739 Olereruno
374 1678 420 1729 tibi
434 1696 488 1739 me,
503 1696 609 1730 acrueoe
623 1696 737 1743 amores,

186 1744 286 1804 Aureli3
300 1745 396 1792 veniam
409 1756 465 1808 pero
478 1744 622 1809 pudentem,

110 1816 165 1870 Ut,
180 1806 196 1858 sr
209 1811 339 1875 quicquam
354 1810 437 1858 animo
450 1824 494 1859 tuo
509 1809 606 1874 cupisti,
628 1848 633 1856 .

111 1873 187 1937 Quod
196 1872 286 1921 castum
295 1884 428 1937 expeteres,
442 1877 467 1923 lc
480 1874 632 1939 integellum,

110 1939 246 1991 conserves
273 1952 357 1986 uerum
366 1938 428 1985 mihi
438 1938 537 2002 pudice:

110 2005 171 2053 Nou
181 2002 238 2051 dico
251 1954 271 2050 l)
278 2000 367 2113 populo
377 2020 385 2061 3
400 2002 462 2051 nihil
473 2015 583 2051 veremur

101 2067 185 2127 lstos,
199 2068 243 2132 qui
257 2068 283 2114 in
295 2082 310 2129 p
334 2079 372 2113 tea
382 2064 460 2115 modo
469 2068 532 2126 huc,
547 2065 623 2117 modo
635 2061 697 2117 illue

109 2132 139 2181 lu
152 2148 177 2179 re
190 2142 330 2196 praecereunt
343 2126 385 2177 lira
396 2134 522 2195 occupati3

109 2193 203 2245 Verum
217 2193 233 2243 ὲ·
245 2210 269 2243 te
284 2208 366 2242 metuo
374 2228 383 2253 ,
398 2210 487 2259 tuoque
501 2210 576 2260 pene,

107 2259 201 2309 Infesto
213 2260 291 2324 puetis
305 2260 389 2317 bonis,
404 2260 536 2325 malisque,

108 2324 191 2387 Quem
201 2336 244 2382 eu,
255 2320 303 2387 qul
316 2322 395 2382 lubet,
407 2337 434 2372 ut
444 2324 529 2381 lubet,
542 2335 645 2374 moveto·

107 2392 235 2450 Quantum
247 2391 298 2446 vis,
313 2388 355 2435 ubi
369 2388 415 2435 erit
427 2385 485 2437 foris
497 2401 615 2452 paratum.

86 2472 92 2482 ·
107 2457 180 2502 Hunc
189 2467 263 2501 unum
272 2453 380 2516 excipio,
396 2466 423 2499 ut
422 2464 493 2564 sputo
501 2486 510 2511 ,
523 2450 650 2517 pudenter.

433 2534 448 2565 u

107 2516 183 2579 Quod
193 2514 209 2565 fi
222 2530 245 2565 te
255 2515 318 2565 mela
329 2532 410 2575 mens,
450 2533 535 2581 torque
543 2532 627 2565 vecors

107 2587 138 2631 lu
151 2596 244 2631 tantam
256 2578 393 2697 Ἦιιὶετίτ,
410 2580 515 2638 sceleste,
530 2581 645 2648 culpamp

106 2645 274 2698 utnullrum'
301 2643 356 2696 rdiie
366 2641 553 2713 capulaceffasp
633 2690 637 2696 .
