1992 3717
227 234 262 293 μ,
346 205 789 263 ennunn1n1nnm

262 309 314 357 Nec
323 302 365 355 diu
373 316 450 353 taceat
458 315 546 368 procax

229 373 373 427 fescennina
383 369 474 419 locutio
482 386 490 427 3

231 442 283 491 Nec
294 450 364 485 nuces
370 436 452 547 §netis
459 445 529 497 neget
535 464 545 491 ,

232 504 359 553 Desettum
387 498 464 547 omini
474 496 572 547 audien·

233 568 388 619 concubinus
399 578 515 613 amorem.

267 662 306 707 Da
316 671 385 705 nuces
397 656 490 720 pueris,
504 654 567 700 inere

236 723 393 772 concubine:
407 720 462 767 satis
472 717 515 765 diu

237 784 319 836 Lufisti
329 785 428 833 nucibus
439 802 446 842 ·‚
461 782 525 830 lubet

236 856 293 901 Jam
303 850 390 899 servite
400 845 529 895 Thalama.
622 868 626 872 ’

238 916 396 981 concubine,
408 926 478 960 nuces
489 910 528 959 da.

271 1021 402 1071 sordebant
412 1019 457 1065 tibi
474 1015 566 1074 vinuli,

239 1088 396 1142 Concubine,
407 1080 494 1139 hodie,
507 1095 578 1146 atque
589 1078 650 1128 heri.

239 1155 312 1201 Nunc
321 1164 390 1198 tuum
399 1148 526 1195 cinerarius
609 1154 611 1157 ·

240 1215 337 1265 Tondet
349 1230 391 1272 0⁸3
403 1211 473 1259 miset
482 1242 490 1269 ,
504 1210 537 1259 ah
546 1208 619 1257 miset

241 1280 384 1331 concubine
392 1311 401 1337 ,
410 1291 480 1325 nuces
488 1273 528 1323 da.

275 1372 367 1420 Diceris
378 1366 457 1425 male,
470 1380 494 1415 te
505 1362 520 1413 ὲ
532 1366 580 1427 tnis

243 1441 283 1485 Un
300 1448 394 1484 uentate
406 1432 493 1497 glabris
506 1433 592 1479 marite

243 1452 383 1556 Abfiinere3
394 1496 434 1543 sed
445 1494 543 1552 abstine.

244 1569 273 1614 lo
281 1566 375 1624 Hymen
382 1564 508 1621 Hymenaee
516 1562 557 1615 io,

244 1631 274 1679 10
281 1631 376 1690 Hymen
387 1628 514 1687 Hymenaee
525 1625 559 1670 io·

277 1735 368 1781 scimus
378 1732 428 1779 haec
438 1730 483 1778 tibi
492 1764 501 1789 ,
512 1743 565 1794 quae
575 1725 647 1774 licent

245 1798 315 1858 Sola,
326 1798 439 1861 cognita;
451 1793 490 1842 sed
502 1795 590 1841 marito

245 1863 292 1915 lsta
302 1877 350 1909 non
361 1858 444 1907 eadem
455 1858 536 1907 licent.

246 1931 276 1979 10
284 1930 378 1989 Hymen
388 1928 514 1987 Hymenaee
524 1925 566 1980 io,

244 1996 275 2045 10
285 1996 379 2055 Hymen
389 1994 515 2053 Hymenaee
524 1990 558 2035 io.

280 2085 377 2147 Nupta,
388 2094 415 2129 tu
425 2094 537 2145 quoque,
549 2091 601 2142 quae
609 2088 666 2124 tuus

248 2150 293 2197 Vir
305 2160 385 2211 petet,
400 2160 457 2193 cave
468 2158 497 2191 ne
507 2158 593 2208 neges,

248 2214 286 2262 Ne
294 2214 400 2275 'petitum
411 2206 505 2257 aliunde
517 2220 564 2255 eat.

223 2303 230 2339 ς
248 2280 278 2325 Io
288 2280 382 2337 Hymen
392 2278 518 2337 Hymenaee
528 2274 569 2331 io,

249 2344 278 2393 10
288 2345 383 2403 Hymen
393 2344 519 2403 Hymenaee
526 2338 560 2385 io.

283 2433 319 2477 En
328 2429 374 2476 tibi
384 2426 484 2485 domus,
498 2441 525 2476 vt
535 2437 617 2491 potens
623 2456 634 2483 ‚

250 2494 280 2543 Et
291 2493 361 2541 beata
371 2493 418 2540 viti
429 2494 482 2549 tui,
607 2496 611 2503 '

250 2563 310 2620 Quae
321 2558 382 2615 tibi,
395 2553 457 2613 sme,
470 2555 563 2602 serviet.

251 2624 383 2686 loflymen
393 2622 571 2683 Hymenaeo,
596 2675 597 2678 Ἴ
640 2623 644 2631 ’
