1992 3717
217 152 269 201 {tre
366 138 518 195 ἈἨΗ
549 140 777 197 Muttini

221 238 312 298 Pauper
325 229 357 282 ad
368 232 475 281 exuitor
489 230 575 281 furtim
590 230 691 283 deducet
705 236 810 295 amicos,

255 297 387 363 Vinclaque
396 296 428 345 de
440 300 514 347 niveo
526 296 636 349 detrahet
648 299 697 363 ipse
714 298 780 363 pede.

223 367 277 415 fleu
287 365 394 411 canimus
408 361 508 421 frustm,
524 377 567 411 nec
576 362 655 412 verbis
670 363 732 412 vida
744 362 843 427 patescit

257 432 349 478 Ianua:
366 426 406 475 sed
417 426 487 492 plena
499 426 532 475 est
549 426 702 492 percutienda
715 442 796 477 manu.

223 495 258 544 At
269 507 313 550 tu,
327 494 370 557 qui
384 493 465 557 potior
480 507 543 541 nunc
556 507 593 551 er,
610 490 738 541 measurra
751 504 851 542 cavetor

242 556 368 607 'Versatur
381 555 453 605 celeri
466 554 515 608 fors
530 556 588 607 levis
603 556 661 607 orbe
672 570 739 607 ποτε.

226 680 899 713 m

226 718 898 745 .......-.......................

413 778 732 858 interitu.

269 937 360 986 luere
368 945 397 984 nt
406 932 519 995 induras,
529 930 629 984 blandos
639 929 709 983 offers
719 932 784 982 rnihr'
793 931 887 993 vultur3
960 963 965 969 -

218 1052 222 1058 ,
295 998 347 1049 Post
357 1014 437 1048 tamen
447 1015 471 1048 et
478 994 645 1049 inisero-tristis
654 1002 678 1047 δι
691 997 758 1061 asper
768 1030 776 1056 ,
793 1003 877 1047 Arnor.

222 1062 291 1131 Quid
300 1065 362 1124 tibi,
373 1064 433 1112 seve
442 1079 516 1129 puer,
529 1079 624 1112 mecum
638 1061 685 1111 est!
701 1076 732 1111 an
742 1062 821 1128 gloria
834 1074 913 1127 magne

256 1125 353 1179 infidias
366 1128 463 1177 homini
476 1144 532 1178 corn
549 1122 634 1177 osuiffe
643 1132 738 1176 neunt

225 1195 282 1245 Iam
291 1194 354 1243 mihi
364 1191 495 1242 tenduntur
504 1208 517 1241 c
551 1208 574 1241 et
584 1210 592 1252 ι
608 1197 657 1256 iam
666 1190 735 1241 Delia
744 1188 833 1241 furtim

257 1259 345 1308 Nescio
354 1273 426 1323 quem
438 1259 512 1307 tacita
526 1255 613 1305 callida
623 1256 691 1306 node
703 1253 782 1304 fover.

223 1320 269 1373 1112
279 1322 378 1389 quidem
387 1338 438 1373 tarn
446 1321 524 1371 multa
531 1334 602 1389 negat
611 1338 617 1369 r
627 1320 667 1369 sed
673 1319 767 1369 credere
775 1319 864 1371 durum
872 1318 913 1379 est,

257 1390 295 1436 Sic
309 1390 384 1436 etiam
397 1386 427 1436 de
440 1402 479 1436 me
494 1399 606 1452 pernegat
622 1386 652 1435 us
665 1400 694 1434 ue
706 1386 770 1434 vito.

223 1451 278 1517 ipse
288 1454 360 1500 miser
372 1450 460 1510 docui,
509 1468 524 1501 o
538 1445 614 1516 poss'et
626 1402 706 1499 ludere
721 1450 792 1513 padio
846 1455 849 1460 '

256 1514 387 1564 Custodes:
398 1517 446 1564 herr
452 1548 461 1575 ‚
475 1467 524 1563 {du
532 1549 542 1573 ,
551 1530 618 1570 ,nunc
628 1530 724 1583 premor
734 1528 786 1567 arte
794 1516 864 1564 meai

223 1579 323 1645 Pingere
332 1594 396 1628 nunc
405 1578 491 1629 didicit
504 1574 608 1638 truffas,
619 1594 661 1628 tur
671 1578 720 1628 sola
732 1578 847 1628 cubaret:

257 1642 362 1692 Cardine
374 1659 437 1693 nune
445 1646 521 1693 tacito
531 1658 622 1692 verrere
632 1638 695 1709 poffe
706 1641 778 1693 fores.

222 1710 293 1759 Tune
301 1708 397 1768 suecos,
412 1709 500 1757 herbas
514 1722 542 1755 ue
553 1706 623 1767 dedi,
655 1710 704 1757 ueir
716 1706 780 1756 livor
791 1707 887 1767 abiret,

256 1775 336 1835 Quem
347 1770 406 1821 facit
416 1774 492 1837 impre
513 1788 529 1821 ο
540 1786 624 1821 mutua
634 1724 704 1821 dente
717 1776 806 1827 Venus.
854 1768 859 1776 “

222 1840 258 1890 At
267 1850 295 1885 tu
308 1834 397 1885 fallacie
406 1841 496 1901 coniux
509 1838 602 1886 incaute
613 1836 695 1903 puelle
702 1871 710 1896 ,

257 1903 298 1950 Me
307 1916 403 1966 quoque
414 1902 526 1961 servaro,
537 1914 653 1965 peccetur
664 1900 705 1949 illa
715 1899 787 1950 nihil.

223 1966 279 2015 Neu
293 1970 389 2030 iuvenes
401 1964 502 2015 celebret
516 1964 595 2015 multo
608 1966 731 2025 sermone,
745 1978 851 2029 taver03

257 2032 326 2080 Neve
338 2031 409 2079 rubet
422 2030 477 2079 laxo
490 2032 567 2095 pedus
582 2044 664 2095 aperta
673 2026 739 2089 srnu3
926 2028 928 2035 ’

223 2095 279 2148 Neu
293 2109 317 2143 re
330 2094 434 2159 decipiat
445 2109 523 2153 nutu,
540 2093 665 2161 digitoque
678 2094 695 2143 ii
714 2109 799 2151 uorem

257 2160 294 2207 Ne
307 2160 404 2218 trahat,
415 2162 440 2209 δι
449 2158 538 2210 mense.
547 2157 618 2209 durat
631 2162 657 2207 in
673 2112 730 2207 orde
739 2173 818 2213 norat.

224 2222 305 2273 Exibit
317 2221 392 2289 quim
405 2224 479 2288 sepe,
491 2224 565 2272 time:
582 2224 621 2271 seu
637 2223 712 2273 visere
725 2222 789 2272 dicer

257 2290 327 2337 Sacra
336 2291 407 2337 Bone
417 2288 522 2337 maribus
535 2302 584 2337 non
597 2286 706 2337 adeunda
719 2290 786 2337 Deae.

224 2352 258 2401 At
269 2351 331 2399 mibi
343 2349 362 2399 ii
371 2352 468 2412 credas,
478 2352 546 2401 illam
555 2353 638 2418 sequar
647 2368 707 2401 unus
716 2351 747 2401 ad
757 2367 818 2403 arat.

257 2417 325 2463 Tune
337 2418 400 2463 mihi
413 2432 464 2467 non
475 2417 549 2467 oculis
561 2414 589 2465 iit
598 2411 702 2467 timuiss'e
716 2420 784 2477 rneir.

221 2479 304 2542 Sapei
315 2477 381 2527 velut
389 2493 494 2543 gemmas
504 2486 569 2545 eius,
583 2480 674 2548 iignum
691 2496 719 2530 ue
731 2482 873 2546 probarem,

255 2546 299 2594 ier
312 2536 416 2595 eatriianr
428 2547 529 2598 memini
543 2562 582 2599 me
595 2548 664 2617 tetigi
685 2562 825 2626 ernanum·⁸
