1992 3717
209 250 255 318 vit
353 250 763 303 titionum.

209 336 372 406 potitusque.
390 342 419 387 ln
431 352 512 389 tenera
520 352 589 389 atate
601 342 707 389 Romam
718 336 835 404 ptofedua
847 340 906 403 estj

210 404 253 453 nbi
266 406 362 470 ingenio
374 402 460 452 clarete
473 406 554 468 coepit.
579 409 652 451 Anno
667 406 732 451 enim
744 402 794 453 ferd
806 404 906 457 decimo

210 469 277 517 sexto
285 468 362 517 multa
368 469 483 517 scribebat
494 470 612 516 amatoria
620 467 651 516 ad
658 465 780 528 Leibiam,
792 472 817 517 δι
826 469 885 518 alias
896 488 905 517 ε

210 546 276 582 antio
296 529 353 581 verd
370 535 445 581 aetatis
458 528 554 581 fortaffe
565 528 680 599 vigesimo
691 534 771 597 ptimo
781 535 807 579 in
820 535 907 596 Bithy-

209 597 277 646 niam
294 612 349 645 cum
360 598 479 649 Memmio
490 600 591 646 Ptaetote
607 598 749 707 navigavit,
764 600 789 645 dt
805 600 908 647 ineunte

210 674 266 709 vete
277 676 305 709 ex
317 662 429 723 Bithynia
439 660 560 711 Troadem
569 663 615 709 ivit
624 659 654 713 ad
686 674 763 709 attem
773 694 781 719 ,
793 674 850 709 tunc
860 678 907 711 co-

210 727 298 773 mitem
314 726 393 773 nescio
405 729 471 789 cujus
485 726 592 773 Ptaetotit
605 725 688 772 sanum
700 728 724 773 dt
736 725 882 773 incolumem
893 744 907 785 3

211 803 240 837 ex
252 789 346 838 Troade
362 792 450 837 iterum
466 788 496 837 ad
515 793 662 848 Ptaetorem,
682 804 786 854 quocum
805 789 907 853 tamdem

210 852 285 902 rediit
292 858 413 912 Romam,
425 854 481 901 hinc
490 852 522 901 ad
528 856 632 902 Patriam
642 886 650 912 ,
662 869 689 901 ex
716 870 747 901 ua
753 887 762 913 ,
773 854 862 903 nuntio
873 855 907 903 de

210 932 292 966 morte
304 918 383 967 fratris
394 932 509 1029 acceifto,
529 918 621 968 tursum
633 870 752 966 Troadem
764 922 833 983 petiit
844 921 908 985 pha-

450 996 460 1031 t

211 982 268 1031 selo'
280 982 311 1031 ad
323 982 424 1031 eundem
461 987 539 1029 att'em
550 986 632 1046 patrio
644 987 710 1031 more
722 982 882 1047 sepeliendum
894 1018 906 1043 ,

210 1046 449 1159 {arentmdumquu
472 1062 499 1093 ex
517 1043 611 1094 Troade
631 1047 719 1095 itetum
735 1046 766 1095 ad
782 1051 883 1112 patriam
893 1083 906 1108 ,

231 1126 270 1158 inc
280 1116 414 1169 Veronam,
427 1112 469 1158 ubi
481 1115 577 1174 januam
588 1109 672 1159 domds
683 1111 806 1176 quondam
816 1110 908 1163 Lesbiae

211 1174 328 1225 allocutus
341 1174 392 1233 est,
411 1174 491 1239 ibique
505 1173 659 1223 moestiffimus
671 1174 751 1223 fratris
763 1178 832 1224 obitu
844 1177 906 1238 hye-

209 1242 298 1289 mavit.
317 1238 424 1287 Tandem
437 1242 532 1288 Verona
543 1243 646 1288 Romam
657 1238 773 1303 profeiius
784 1273 793 1299 ,
814 1241 855 1288 ubi
867 1240 907 1290 fa-

211 1304 359 1363 tuitatibus,
378 1307 402 1353 δι
415 1305 498 1353 amicis
510 1300 602 1352 floruit.
618 1306 731 1351 Amicum
743 1307 806 1352 enim
817 1305 908 1355 habuit

210 1369 239 1417 in
249 1371 332 1433 primis
344 1368 462 1417 Manlium
473 1402 481 1427 ,
498 1365 513 1416 d
523 1384 573 1432 quo
583 1366 694 1415 beneficia
704 1371 808 1417 maxima
821 1385 907 1433 repot-

210 1436 275 1483 tavit
285 1453 294 1493 3
312 1447 454 1497 quapropter
464 1431 571 1497 ejusdem
581 1436 675 1497 nuptias
685 1432 851 1499 elegantiisund
864 1446 905 1483 ce‘-

210 1498 289 1545 tinitt
308 1500 413 1544 amicum
433 1500 458 1544 δι
474 1497 617 1546 Ciceronem
632 1498 717 1546 habuit
726 1532 735 1556 ,
758 1498 905 1549 &Calvum

209 1562 348 1618 Licinium,
359 1556 534 1618 Cornificium,
547 1557 692 1609 Vet'atmium
703 1596 710 1621 ,
722 1561 846 1621 Flavium,
858 1566 907 1612 Fu-

210 1625 290 1683 rium,
304 1624 443 1683 Aurelium,
457 1622 562 1683 Vatitm',
577 1629 602 1674 ὅ(
614 1626 687 1683 aiios,
700 1628 829 1689 ptaesettim
839 1630 904 1676 Cot-

209 1688 302 1737 nelium
311 1691 429 1753 Nepotem
439 1723 448 1747 ,
461 1692 500 1737 cui
511 1688 617 1738 libellum
626 1689 747 1738 dedicavit
758 1692 825 1739 suum
837 1708 845 1749 3
857 1694 905 1741 ini·

209 1756 287 1802 micos
300 1756 373 1801 etiam
385 1754 493 1802 Nonium
506 1757 645 1813 strumam,
665 1757 825 1813 Cominium,
844 1757 905 1804 Gel-

209 1816 289 1875 lium,
304 1818 428 1875 Vedium,
443 1814 519 1866 filium
532 1821 557 1865 Ρ.
571 1816 671 1876 Clodii,
683 1834 756 1883 quem
765 1834 837 1868 vocat
848 1822 905 1869 Les-

207 1881 298 1939 bium,
323 1885 491 1948 Mamurram,
515 1898 587 1946 quem
607 1897 678 1931 vocat
699 1884 853 1943 mutulam,
877 1890 904 1935 δι

209 1946 328 1995 casatem
340 1980 348 2005 ,
366 1962 470 2011 quocum
482 1960 563 1995 tamen
576 1944 631 1995 licet
643 1948 729 1996 iambis
740 1947 858 2025 sapifftmd
870 1949 905 1999 la·

209 2024 291 2059 cerato
311 2014 423 2060 toenavit.
451 2008 570 2059 Postremo
590 2010 733 2071 sciendum,
753 2013 815 2061 nihii
836 2013 905 2065 aliud

119 2122 122 2127 ,
210 2074 367 2139 composuisse
382 2074 504 2124 Catullum
534 2089 600 2123 taeter
612 2078 676 2125 hunc
688 2076 810 2137 libellum,
829 2095 906 2143 quem

209 2154 259 2186 non
269 2140 382 2195 mutilum
390 2173 398 2197 ‚
411 2137 449 2187 sed
459 2092 595 2190 absodutum
604 2155 651 2204 ptae
660 2142 769 2189 manibus
778 2143 905 2193 habemus.

174 2248 175 2253 ,
207 2204 267 2251 Non
283 2205 347 2251 enim
358 2201 386 2251 de
398 2203 590 2259 incantamentis,
608 2204 692 2252 nonin
703 2206 811 2270 Priapum
824 2243 832 2263 ,
850 2223 903 2258 non

206 2268 282 2313 fervi
297 2265 362 2314 ilium
376 2268 489 2325 Veneris,
503 2282 552 2315 non
562 2269 630 2325 Ver,
649 2268 776 2330 non'alia3
794 2272 851 2319 hinc
867 2276 905 2323 ait

208 2284 298 2379 meritd
311 2330 340 2379 de
352 2332 392 2379 set
408 2334 489 2380 Parva
499 2333 544 2380 mci
557 2329 615 2380 mihi
624 2333 676 2397 sunt
687 2331 748 2383 cordi
759 2349 903 2385 monumenta

208 2392 302 2445 laboris.
319 2394 439 2444 Caterdm
451 2395 559 2445 Catullus
573 2396 619 2447 fuit
633 2401 704 2448 To‘e‘ta
716 2402 841 2448 Po'e‘tatum
855 2416 905 2449 no·

207 2457 330 2507 biliffimus
338 2492 346 2517 ,
360 2458 479 2509 latinitate
493 2460 592 2524 quidem
607 2477 662 2509 cum
673 2462 756 2512 Plauto
771 2479 798 2511 ac
814 2466 919 2514 Tereo?

209 2526 246 2573 tio
260 2522 450 2587 comparandus,
467 2522 607 2573 facetiarum
619 2523 678 2575 veto
689 2543 765 2585 unus,
782 2532 807 2577 &
820 2532 904 2579 unitus

208 2601 291 2651 patet;
302 2586 466 2636 eruditissimus
479 2604 573 2653 quoque
584 2624 592 2649 ‚
603 2605 674 2657 atque
683 2594 708 2639 in
719 2593 807 2642 Gtaecis
816 2589 904 2641 litteris

208 2650 382 2749 tosmffimto.
399 2654 464 2704 Nam
480 2667 564 2720 ptaetet
578 2654 625 2706 alia
640 2655 784 2731 Caiiimachi
799 2656 903 2725 elegiam
