<?xml version="1.0" encoding="UTF-8"?>
<!DOCTYPE html PUBLIC "-//W3C//DTD XHTML 1.0 Transitional//EN"
    "http://www.w3.org/TR/xhtml1/DTD/xhtml1-transitional.dtd">
<html xmlns="http://www.w3.org/1999/xhtml" xml:lang="en" lang="en">
 <head>
  <title>
</title>
<meta http-equiv="Content-Type" content="text/html;charset=utf-8" />
  <meta name='ocr-system' content='tesseract 3.04.00' />
  <meta name='ocr-capabilities' content='ocr_page ocr_carea ocr_par ocr_line ocrx_word'/>
</head>
<body>
  <div class='ocr_page' id='page_1' title='image "./catullustibullu00dufrgoog_0072.png"; bbox 0 0 1992 3717; ppageno 0'>
   <div class='ocr_carea' id='block_1_1' title="bbox 223 176 782 246">
    <p class='ocr_par' dir='ltr' id='par_1_1' title="bbox 223 176 782 246">
     <span class='ocr_line' id='line_1_1' title="bbox 223 176 782 246; baseline -0.004 -17"><span class='ocrx_word' id='word_1_1' title='bbox 223 187 257 246; x_wconf 54' lang='grc' dir='ltr'><strong>ῃ</strong></span> <span class='ocrx_word' id='word_1_2' title='bbox 342 177 582 232; x_wconf 72' lang='lat' dir='ltr'><strong>curum</strong></span> <span class='ocrx_word' id='word_1_3' title='bbox 614 176 782 228; x_wconf 76' lang='lat' dir='ltr'><strong>nlnrn.</strong></span> 
     </span>
    </p>
   </div>
   <div class='ocr_carea' id='block_1_2' title="bbox 224 266 877 655">
    <p class='ocr_par' dir='ltr' id='par_1_2' title="bbox 224 266 877 396">
     <span class='ocr_line' id='line_1_2' title="bbox 224 266 877 331; baseline -0.003 -12"><span class='ocrx_word' id='word_1_4' title='bbox 224 270 274 319; x_wconf 82' lang='lat' dir='ltr'><strong>ubi</strong></span> <span class='ocrx_word' id='word_1_5' title='bbox 284 267 419 331; x_wconf 77' lang='lat' dir='ltr'><strong>cymbalum</strong></span> <span class='ocrx_word' id='word_1_6' title='bbox 429 269 498 318; x_wconf 81' lang='lat' dir='ltr'><strong>sonat</strong></span> <span class='ocrx_word' id='word_1_7' title='bbox 508 281 572 325; x_wconf 86' lang='lat' dir='ltr'><strong>vox,</strong></span> <span class='ocrx_word' id='word_1_8' title='bbox 585 266 627 314; x_wconf 86' lang='lat' dir='ltr'><strong>ubi</strong></span> <span class='ocrx_word' id='word_1_9' title='bbox 638 279 751 330; x_wconf 78' lang='lat' dir='ltr'><strong>tympana</strong></span> <span class='ocrx_word' id='word_1_10' title='bbox 759 266 877 327; x_wconf 77' lang='lat' dir='ltr'><strong>reboant,</strong></span> 
     </span>
     <span class='ocr_line' id='line_1_3' title="bbox 225 328 810 396; baseline 0 -13"><span class='ocrx_word' id='word_1_11' title='bbox 225 335 326 385; x_wconf 81' lang='lat' dir='ltr'><strong>Tibicen</strong></span> <span class='ocrx_word' id='word_1_12' title='bbox 335 335 375 382; x_wconf 92' lang='lat' dir='ltr'><strong>ubi</strong></span> <span class='ocrx_word' id='word_1_13' title='bbox 383 336 447 382; x_wconf 89' lang='lat' dir='ltr'><strong>canit</strong></span> <span class='ocrx_word' id='word_1_14' title='bbox 457 332 533 394; x_wconf 82' lang='lat' dir='ltr'>Phryx</span> <span class='ocrx_word' id='word_1_15' title='bbox 543 344 618 380; x_wconf 82' lang='lat' dir='ltr'><strong>curvo</strong></span> <span class='ocrx_word' id='word_1_16' title='bbox 625 345 697 396; x_wconf 74' lang='lat' dir='ltr'><strong>grave</strong></span> <span class='ocrx_word' id='word_1_17' title='bbox 703 328 810 393; x_wconf 72' lang='lat' dir='ltr'><strong>calamo,</strong></span> 
     </span>
    </p>

    <p class='ocr_par' dir='ltr' id='par_1_3' title="bbox 226 393 796 463">
     <span class='ocr_line' id='line_1_4' title="bbox 226 393 796 463; baseline -0.004 -15"><span class='ocrx_word' id='word_1_18' title='bbox 226 400 274 449; x_wconf 73' lang='lat' dir='ltr'><strong>tibi</strong></span> <span class='ocrx_word' id='word_1_19' title='bbox 284 401 362 463; x_wconf 86' lang='lat' dir='ltr'><strong>capita</strong></span> <span class='ocrx_word' id='word_1_20' title='bbox 371 396 490 447; x_wconf 71' lang='lat' dir='ltr'><strong>Manadcs</strong></span> <span class='ocrx_word' id='word_1_21' title='bbox 500 399 525 445; x_wconf 84' lang='lat' dir='ltr'><strong>vi</strong></span> <span class='ocrx_word' id='word_1_22' title='bbox 538 398 628 459; x_wconf 71' lang='lat' dir='ltr'><strong>jaciunt</strong></span> <span class='ocrx_word' id='word_1_23' title='bbox 636 393 796 461; x_wconf 77' lang='lat' dir='ltr'><strong>hederigerae,</strong></span> 
     </span>
    </p>

    <p class='ocr_par' dir='ltr' id='par_1_4' title="bbox 226 460 781 525">
     <span class='ocr_line' id='line_1_5' title="bbox 226 460 781 525; baseline -0.007 -12"><span class='ocrx_word' id='word_1_24' title='bbox 226 465 275 513; x_wconf 82' lang='lat' dir='ltr'><strong>Ubi</strong></span> <span class='ocrx_word' id='word_1_25' title='bbox 286 464 350 512; x_wconf 85' lang='lat' dir='ltr'><strong>sacra</strong></span> <span class='ocrx_word' id='word_1_26' title='bbox 362 464 439 511; x_wconf 64' lang='lat' dir='ltr'><strong>sanda</strong></span> <span class='ocrx_word' id='word_1_27' title='bbox 448 464 523 511; x_wconf 79' lang='lat' dir='ltr'><strong>acutis</strong></span> <span class='ocrx_word' id='word_1_28' title='bbox 533 460 660 509; x_wconf 73' lang='lat' dir='ltr'><strong>ululatibus</strong></span> <span class='ocrx_word' id='word_1_29' title='bbox 671 464 781 525; x_wconf 78' lang='lat' dir='ltr'><strong>agitant,</strong></span> 
     </span>
    </p>

    <p class='ocr_par' dir='ltr' id='par_1_5' title="bbox 226 524 788 590">
     <span class='ocr_line' id='line_1_6' title="bbox 226 524 788 590; baseline -0.004 -13"><span class='ocrx_word' id='word_1_30' title='bbox 226 530 275 577; x_wconf 80' lang='lat' dir='ltr'><strong>Ubi</strong></span> <span class='ocrx_word' id='word_1_31' title='bbox 287 528 362 577; x_wconf 90' lang='lat' dir='ltr'><strong>suevit</strong></span> <span class='ocrx_word' id='word_1_32' title='bbox 371 526 414 575; x_wconf 87' lang='lat' dir='ltr'><strong>illa</strong></span> <span class='ocrx_word' id='word_1_33' title='bbox 422 529 490 576; x_wconf 80' lang='lat' dir='ltr'><strong>Divae</strong></span> <span class='ocrx_word' id='word_1_34' title='bbox 499 524 602 578; x_wconf 79' lang='lat' dir='ltr'><strong>volitare</strong></span> <span class='ocrx_word' id='word_1_35' title='bbox 611 534 673 590; x_wconf 74' lang='lat' dir='ltr'><strong>vaga</strong></span> <span class='ocrx_word' id='word_1_36' title='bbox 682 526 788 586; x_wconf 70' lang='lat' dir='ltr'><strong>cubum</strong></span> 
     </span>
    </p>

    <p class='ocr_par' dir='ltr' id='par_1_6' title="bbox 226 583 762 655">
     <span class='ocr_line' id='line_1_7' title="bbox 226 583 762 655; baseline -0.004 -13"><span class='ocrx_word' id='word_1_37' title='bbox 226 597 284 655; x_wconf 82' lang='lat' dir='ltr'><strong>Quo</strong></span> <span class='ocrx_word' id='word_1_38' title='bbox 294 607 337 641; x_wconf 88' lang='lat' dir='ltr'><strong>nos</strong></span> <span class='ocrx_word' id='word_1_39' title='bbox 346 591 413 641; x_wconf 89' lang='lat' dir='ltr'><strong>dccet</strong></span> <span class='ocrx_word' id='word_1_40' title='bbox 425 594 504 641; x_wconf 88' lang='lat' dir='ltr'><strong>citatis</strong></span> <span class='ocrx_word' id='word_1_41' title='bbox 515 583 631 639; x_wconf 82' lang='lat' dir='ltr'><strong>celebrare</strong></span> <span class='ocrx_word' id='word_1_42' title='bbox 641 588 762 653; x_wconf 78' lang='lat' dir='ltr'><strong>tripudiis.</strong></span> 
     </span>
    </p>
   </div>
   <div class='ocr_carea' id='block_1_3' title="bbox 143 654 863 717">
    <p class='ocr_par' dir='ltr' id='par_1_7' title="bbox 143 654 863 717">
     <span class='ocr_line' id='line_1_8' title="bbox 143 654 863 717; baseline 0 -12"><span class='ocrx_word' id='word_1_43' title='bbox 143 664 149 675; x_wconf 92' lang='lat'><em>&#39;</em></span> <span class='ocrx_word' id='word_1_44' title='bbox 226 657 303 706; x_wconf 78' lang='lat' dir='ltr'><strong>simul</strong></span> <span class='ocrx_word' id='word_1_45' title='bbox 312 658 361 706; x_wconf 75' lang='lat' dir='ltr'><strong>bec</strong></span> <span class='ocrx_word' id='word_1_46' title='bbox 370 658 497 705; x_wconf 84' lang='lat' dir='ltr'><strong>comitibus</strong></span> <span class='ocrx_word' id='word_1_47' title='bbox 507 661 566 717; x_wconf 83' lang='lat' dir='ltr'><strong>Atys</strong></span> <span class='ocrx_word' id='word_1_48' title='bbox 576 656 662 703; x_wconf 77' lang='lat' dir='ltr'><strong>cecinit</strong></span> <span class='ocrx_word' id='word_1_49' title='bbox 670 655 747 703; x_wconf 83' lang='lat' dir='ltr'><strong>notha</strong></span> <span class='ocrx_word' id='word_1_50' title='bbox 756 654 863 714; x_wconf 81' lang='lat' dir='ltr'><strong>mulier,</strong></span> 
     </span>
    </p>
   </div>
   <div class='ocr_carea' id='block_1_4' title="bbox 226 718 981 2125">
    <p class='ocr_par' dir='ltr' id='par_1_8' title="bbox 226 718 820 786">
     <span class='ocr_line' id='line_1_9' title="bbox 226 718 820 786; baseline -0.003 -15"><span class='ocrx_word' id='word_1_51' title='bbox 226 723 334 784; x_wconf 76' lang='lat' dir='ltr'><strong>Thyasus</strong></span> <span class='ocrx_word' id='word_1_52' title='bbox 344 735 438 786; x_wconf 90' lang='lat' dir='ltr'><strong>repente</strong></span> <span class='ocrx_word' id='word_1_53' title='bbox 448 721 534 785; x_wconf 80' lang='lat' dir='ltr'><strong>linguis</strong></span> <span class='ocrx_word' id='word_1_54' title='bbox 545 718 717 783; x_wconf 71' lang='lat' dir='ltr'><strong>trepidantibus</strong></span> <span class='ocrx_word' id='word_1_55' title='bbox 729 718 820 779; x_wconf 79' lang='lat' dir='ltr'><strong>ululat,</strong></span> 
     </span>
    </p>

    <p class='ocr_par' dir='ltr' id='par_1_9' title="bbox 227 782 922 1109">
     <span class='ocr_line' id='line_1_10' title="bbox 227 782 905 851; baseline -0.007 -16"><span class='ocrx_word' id='word_1_56' title='bbox 227 788 292 836; x_wconf 80' lang='lat' dir='ltr'><strong>Leve</strong></span> <span class='ocrx_word' id='word_1_57' title='bbox 303 801 442 851; x_wconf 87' lang='lat' dir='ltr'><strong>tympanum</strong></span> <span class='ocrx_word' id='word_1_58' title='bbox 451 786 569 850; x_wconf 80' lang='lat' dir='ltr'><strong>remugit,</strong></span> <span class='ocrx_word' id='word_1_59' title='bbox 580 798 639 833; x_wconf 85' lang='lat' dir='ltr'><strong>cava</strong></span> <span class='ocrx_word' id='word_1_60' title='bbox 647 782 755 845; x_wconf 81' lang='lat' dir='ltr'><strong>cymbala</strong></span> <span class='ocrx_word' id='word_1_61' title='bbox 762 794 905 848; x_wconf 71' lang='lat' dir='ltr'><strong>recrepant,</strong></span> 
     </span>
     <span class='ocr_line' id='line_1_11' title="bbox 227 847 865 914; baseline -0.003 -15"><span class='ocrx_word' id='word_1_62' title='bbox 227 848 337 899; x_wconf 78' lang='lat' dir='ltr'><strong>viridem</strong></span> <span class='ocrx_word' id='word_1_63' title='bbox 344 854 404 899; x_wconf 91' lang='lat' dir='ltr'><strong>citus</strong></span> <span class='ocrx_word' id='word_1_64' title='bbox 415 848 465 899; x_wconf 87' lang='lat' dir='ltr'><strong>adit</strong></span> <span class='ocrx_word' id='word_1_65' title='bbox 475 848 544 897; x_wconf 89' lang='lat' dir='ltr'><strong>Idam</strong></span> <span class='ocrx_word' id='word_1_66' title='bbox 553 861 693 914; x_wconf 84' lang='lat' dir='ltr'><strong>properante</strong></span> <span class='ocrx_word' id='word_1_67' title='bbox 728 847 757 896; x_wconf 96' lang='lat' dir='ltr'><strong>de</strong></span> <span class='ocrx_word' id='word_1_68' title='bbox 766 850 865 898; x_wconf 84' lang='lat' dir='ltr'><strong>chorus.</strong></span> 
     </span>
     <span class='ocr_line' id='line_1_12' title="bbox 227 912 922 979; baseline -0.001 -16"><span class='ocrx_word' id='word_1_69' title='bbox 227 913 365 965; x_wconf 70' lang='lat' dir='ltr'><strong>Iuribuuda</strong></span> <span class='ocrx_word' id='word_1_70' title='bbox 375 912 457 974; x_wconf 85' lang='lat' dir='ltr'><strong>fimul,</strong></span> <span class='ocrx_word' id='word_1_71' title='bbox 468 913 590 971; x_wconf 86' lang='lat' dir='ltr'><strong>anhelans,</strong></span> <span class='ocrx_word' id='word_1_72' title='bbox 597 928 659 978; x_wconf 76' lang='lat' dir='ltr'><strong>vaga</strong></span> <span class='ocrx_word' id='word_1_73' title='bbox 666 928 697 961; x_wconf 82' lang='lat' dir='ltr'><strong>vn</strong></span> <span class='ocrx_word' id='word_1_74' title='bbox 716 915 743 972; x_wconf 86' lang='lat' dir='ltr'><strong>‘t,</strong></span> <span class='ocrx_word' id='word_1_75' title='bbox 753 915 831 962; x_wconf 87' lang='lat' dir='ltr'><strong>aninti</strong></span> <span class='ocrx_word' id='word_1_76' title='bbox 839 926 922 979; x_wconf 78' lang='lat' dir='ltr'><strong>egent,</strong></span> 
     </span>
     <span class='ocr_line' id='line_1_13' title="bbox 228 976 881 1044; baseline -0.002 -15"><span class='ocrx_word' id='word_1_77' title='bbox 228 980 354 1029; x_wconf 73' lang='lat' dir='ltr'><strong>comitata</strong></span> <span class='ocrx_word' id='word_1_78' title='bbox 363 994 477 1044; x_wconf 86' lang='lat' dir='ltr'><strong>tympano</strong></span> <span class='ocrx_word' id='word_1_79' title='bbox 486 984 546 1040; x_wconf 82' lang='lat' dir='ltr'><strong>Atys</strong></span> <span class='ocrx_word' id='word_1_80' title='bbox 553 1011 562 1037; x_wconf 95' lang='lat'><strong>,</strong></span> <span class='ocrx_word' id='word_1_81' title='bbox 568 992 613 1041; x_wconf 84' lang='lat' dir='ltr'><strong>-per</strong></span> <span class='ocrx_word' id='word_1_82' title='bbox 623 992 696 1042; x_wconf 85' lang='lat' dir='ltr'><strong>opaca</strong></span> <span class='ocrx_word' id='word_1_83' title='bbox 706 993 806 1027; x_wconf 88' lang='lat' dir='ltr'><strong>nemora</strong></span> <span class='ocrx_word' id='word_1_84' title='bbox 813 976 863 1028; x_wconf 85' lang='lat' dir='ltr'><strong>dux</strong></span> <span class='ocrx_word' id='word_1_85' title='bbox 871 1009 881 1038; x_wconf 86' lang='lat'>‚</span> 
     </span>
     <span class='ocr_line' id='line_1_14' title="bbox 229 1041 773 1109; baseline -0.007 -14"><span class='ocrx_word' id='word_1_86' title='bbox 229 1044 309 1095; x_wconf 82' lang='lat' dir='ltr'><strong>Veluti</strong></span> <span class='ocrx_word' id='word_1_87' title='bbox 321 1050 419 1109; x_wconf 83' lang='lat' dir='ltr'><strong>juvenca</strong></span> <span class='ocrx_word' id='word_1_88' title='bbox 428 1046 576 1093; x_wconf 72' lang='lat' dir='ltr'><strong>vitantorms</strong></span> <span class='ocrx_word' id='word_1_89' title='bbox 584 1041 704 1092; x_wconf 72' lang='lat' dir='ltr'><strong>indomita</strong></span> <span class='ocrx_word' id='word_1_90' title='bbox 712 1044 773 1107; x_wconf 80' lang='lat' dir='ltr'><strong>jugi.</strong></span> 
     </span>
    </p>

    <p class='ocr_par' dir='ltr' id='par_1_10' title="bbox 228 1105 839 1433">
     <span class='ocr_line' id='line_1_15' title="bbox 228 1105 832 1218; baseline -0.003 -60"><span class='ocrx_word' id='word_1_91' title='bbox 228 1108 328 1175; x_wconf 77' lang='lat' dir='ltr'><strong>Rapidae</strong></span> <span class='ocrx_word' id='word_1_92' title='bbox 338 1108 422 1157; x_wconf 89' lang='lat' dir='ltr'><strong>ducem</strong></span> <span class='ocrx_word' id='word_1_93' title='bbox 434 1108 562 1171; x_wconf 89' lang='lat' dir='ltr'><strong>sequuntur</strong></span> <span class='ocrx_word' id='word_1_94' title='bbox 569 1105 643 1155; x_wconf 74' lang='lat' dir='ltr'>0211ae</span> <span class='ocrx_word' id='word_1_95' title='bbox 652 1105 711 1170; x_wconf 88' lang='lat' dir='ltr'><strong>pede</strong></span> <span class='ocrx_word' id='word_1_96' title='bbox 719 1122 832 1218; x_wconf 55' lang='lat' dir='ltr'><strong>prlppero.</strong></span> 
     </span>
     <span class='ocr_line' id='line_1_16' title="bbox 228 1168 808 1239; baseline -0.005 -17"><span class='ocrx_word' id='word_1_97' title='bbox 228 1176 328 1239; x_wconf 79' lang='lat' dir='ltr'><strong>ltaque,</strong></span> <span class='ocrx_word' id='word_1_98' title='bbox 344 1187 371 1222; x_wconf 90' lang='lat' dir='ltr'><strong>ut</strong></span> <span class='ocrx_word' id='word_1_99' title='bbox 381 1168 598 1233; x_wconf 84' lang='lat' dir='ltr'><strong>domumCybelles</strong></span> <span class='ocrx_word' id='word_1_100' title='bbox 607 1173 706 1236; x_wconf 80' lang='lat' dir='ltr'><strong>tetigere</strong></span> <span class='ocrx_word' id='word_1_101' title='bbox 763 1170 808 1219; x_wconf 77' lang='lat' dir='ltr'><strong>ulz</strong></span> 
     </span>
     <span class='ocr_line' id='line_1_17' title="bbox 229 1232 829 1301; baseline -0.002 -15"><span class='ocrx_word' id='word_1_102' title='bbox 229 1240 316 1288; x_wconf 80' lang='lat' dir='ltr'><strong>Nimio</strong></span> <span class='ocrx_word' id='word_1_103' title='bbox 326 1236 338 1286; x_wconf 82' lang='grc' dir='ltr'>ὲ</span> <span class='ocrx_word' id='word_1_104' title='bbox 349 1236 445 1297; x_wconf 76' lang='lat' dir='ltr'><strong>labore,</strong></span> <span class='ocrx_word' id='word_1_105' title='bbox 455 1236 567 1285; x_wconf 89' lang='lat' dir='ltr'><strong>somnum</strong></span> <span class='ocrx_word' id='word_1_106' title='bbox 575 1238 670 1301; x_wconf 84' lang='lat' dir='ltr'><strong>capiunt</strong></span> <span class='ocrx_word' id='word_1_107' title='bbox 681 1232 726 1282; x_wconf 86' lang='lat' dir='ltr'><strong>fine</strong></span> <span class='ocrx_word' id='word_1_108' title='bbox 733 1237 829 1286; x_wconf 82' lang='lat' dir='ltr'><strong>Cerere.</strong></span> 
     </span>
     <span class='ocr_line' id='line_1_18' title="bbox 229 1299 839 1369; baseline -0.007 -17"><span class='ocrx_word' id='word_1_109' title='bbox 229 1304 298 1369; x_wconf 78' lang='lat' dir='ltr'><strong>Piger</strong></span> <span class='ocrx_word' id='word_1_110' title='bbox 307 1304 343 1351; x_wconf 85' lang='lat' dir='ltr'><strong>his</strong></span> <span class='ocrx_word' id='word_1_111' title='bbox 353 1302 446 1352; x_wconf 82' lang='lat' dir='ltr'><strong>labante</strong></span> <span class='ocrx_word' id='word_1_112' title='bbox 455 1301 569 1367; x_wconf 81' lang='lat' dir='ltr'><strong>languore</strong></span> <span class='ocrx_word' id='word_1_113' title='bbox 577 1300 657 1348; x_wconf 87' lang='lat' dir='ltr'><strong>oculos</strong></span> <span class='ocrx_word' id='word_1_114' title='bbox 668 1299 738 1365; x_wconf 90' lang='lat' dir='ltr'><strong>sopor</strong></span> <span class='ocrx_word' id='word_1_115' title='bbox 750 1303 839 1365; x_wconf 87' lang='lat' dir='ltr'><strong>operit.</strong></span> 
     </span>
     <span class='ocr_line' id='line_1_19' title="bbox 228 1362 772 1433; baseline -0.004 -18"><span class='ocrx_word' id='word_1_116' title='bbox 228 1368 290 1417; x_wconf 73' lang='lat' dir='ltr'><strong>Abit</strong></span> <span class='ocrx_word' id='word_1_117' title='bbox 301 1370 327 1416; x_wconf 87' lang='lat' dir='ltr'><strong>in</strong></span> <span class='ocrx_word' id='word_1_118' title='bbox 337 1370 417 1433; x_wconf 88' lang='lat' dir='ltr'><strong>quiete</strong></span> <span class='ocrx_word' id='word_1_119' title='bbox 427 1362 495 1415; x_wconf 91' lang='lat' dir='ltr'><strong>molli</strong></span> <span class='ocrx_word' id='word_1_120' title='bbox 505 1364 600 1415; x_wconf 87' lang='lat' dir='ltr'><strong>rabidus</strong></span> <span class='ocrx_word' id='word_1_121' title='bbox 611 1363 677 1413; x_wconf 86' lang='lat' dir='ltr'><strong>furor</strong></span> <span class='ocrx_word' id='word_1_122' title='bbox 687 1364 772 1413; x_wconf 86' lang='lat' dir='ltr'><strong>animi.</strong></span> 
     </span>
    </p>

    <p class='ocr_par' dir='ltr' id='par_1_11' title="bbox 228 1428 981 1625">
     <span class='ocr_line' id='line_1_20' title="bbox 228 1428 753 1481; baseline -0.006 -2"><span class='ocrx_word' id='word_1_123' title='bbox 228 1430 274 1479; x_wconf 78' lang='lat' dir='ltr'><strong>Sed</strong></span> <span class='ocrx_word' id='word_1_124' title='bbox 284 1434 325 1480; x_wconf 91' lang='lat' dir='ltr'><strong>ubi</strong></span> <span class='ocrx_word' id='word_1_125' title='bbox 335 1435 383 1481; x_wconf 83' lang='lat' dir='ltr'><strong>orit</strong></span> <span class='ocrx_word' id='word_1_126' title='bbox 396 1435 462 1480; x_wconf 83' lang='lat' dir='ltr'><strong>aurei</strong></span> <span class='ocrx_word' id='word_1_127' title='bbox 473 1430 508 1478; x_wconf 93' lang='lat' dir='ltr'><strong>sol</strong></span> <span class='ocrx_word' id='word_1_128' title='bbox 520 1429 666 1478; x_wconf 79' lang='lat' dir='ltr'><strong>radiantibus</strong></span> <span class='ocrx_word' id='word_1_129' title='bbox 678 1428 753 1477; x_wconf 85' lang='lat' dir='ltr'><strong>oculis</strong></span> 
     </span>
     <span class='ocr_line' id='line_1_21' title="bbox 229 1490 981 1560; baseline -0.005 -15"><span class='ocrx_word' id='word_1_130' title='bbox 229 1494 349 1545; x_wconf 83' lang='lat' dir='ltr'><strong>Lustravit</strong></span> <span class='ocrx_word' id='word_1_131' title='bbox 360 1495 447 1543; x_wconf 83' lang='lat' dir='ltr'><strong>tethera</strong></span> <span class='ocrx_word' id='word_1_132' title='bbox 454 1493 549 1553; x_wconf 83' lang='lat' dir='ltr'><strong>album,</strong></span> <span class='ocrx_word' id='word_1_133' title='bbox 561 1493 611 1542; x_wconf 91' lang='lat' dir='ltr'><strong>sola</strong></span> <span class='ocrx_word' id='word_1_134' title='bbox 620 1493 695 1552; x_wconf 88' lang='lat' dir='ltr'><strong>dura,</strong></span> <span class='ocrx_word' id='word_1_135' title='bbox 705 1507 769 1541; x_wconf 81' lang='lat' dir='ltr'><strong>mate</strong></span> <span class='ocrx_word' id='word_1_136' title='bbox 779 1490 884 1553; x_wconf 75' lang='lat' dir='ltr'><strong>ferum,¹</strong></span> <span class='ocrx_word' id='word_1_137' title='bbox 941 1497 943 1502; x_wconf 88' lang='lat'>&#39;</span> <span class='ocrx_word' id='word_1_138' title='bbox 980 1517 981 1560; x_wconf 39' lang='grc' dir='ltr'><em>χ</em></span> 
     </span>
     <span class='ocr_line' id='line_1_22' title="bbox 229 1556 831 1625; baseline -0.002 -18"><span class='ocrx_word' id='word_1_139' title='bbox 229 1558 366 1625; x_wconf 83' lang='lat' dir='ltr'><strong>Pepulitque</strong></span> <span class='ocrx_word' id='word_1_140' title='bbox 376 1560 450 1609; x_wconf 70' lang='lat' dir='ltr'><strong>nobis</strong></span> <span class='ocrx_word' id='word_1_141' title='bbox 461 1559 556 1606; x_wconf 85' lang='lat' dir='ltr'><strong>umbras</strong></span> <span class='ocrx_word' id='word_1_142' title='bbox 564 1561 654 1623; x_wconf 78' lang='lat' dir='ltr'><strong>vegetis</strong></span> <span class='ocrx_word' id='word_1_143' title='bbox 664 1556 831 1621; x_wconf 83' lang='lat' dir='ltr'><strong>sonipedibus,</strong></span> 
     </span>
    </p>

    <p class='ocr_par' dir='ltr' id='par_1_12' title="bbox 230 1621 823 1687">
     <span class='ocr_line' id='line_1_23' title="bbox 230 1621 823 1687; baseline -0.007 -14"><span class='ocrx_word' id='word_1_144' title='bbox 230 1624 268 1673; x_wconf 87' lang='lat' dir='ltr'><strong>lbi</strong></span> <span class='ocrx_word' id='word_1_145' title='bbox 277 1624 372 1672; x_wconf 82' lang='lat' dir='ltr'><strong>somnus</strong></span> <span class='ocrx_word' id='word_1_146' title='bbox 382 1624 485 1673; x_wconf 84' lang='lat' dir='ltr'><strong>excitum</strong></span> <span class='ocrx_word' id='word_1_147' title='bbox 495 1626 561 1685; x_wconf 78' lang='lat' dir='ltr'><strong>Atyn</strong></span> <span class='ocrx_word' id='word_1_148' title='bbox 572 1621 664 1687; x_wconf 75' lang='lat' dir='ltr'><strong>fugiens</strong></span> <span class='ocrx_word' id='word_1_149' title='bbox 674 1624 734 1670; x_wconf 86' lang='lat' dir='ltr'><strong>citus</strong></span> <span class='ocrx_word' id='word_1_150' title='bbox 745 1622 823 1683; x_wconf 75' lang='lat' dir='ltr'><strong>abiit,</strong></span> 
     </span>
    </p>

    <p class='ocr_par' dir='ltr' id='par_1_13' title="bbox 229 1682 807 1753">
     <span class='ocr_line' id='line_1_24' title="bbox 229 1682 807 1753; baseline -0.007 -16"><span class='ocrx_word' id='word_1_151' title='bbox 229 1691 277 1738; x_wconf 82' lang='lat' dir='ltr'><strong>Tre</strong></span> <span class='ocrx_word' id='word_1_152' title='bbox 294 1688 400 1737; x_wconf 85' lang='lat' dir='ltr'><strong>idanrem</strong></span> <span class='ocrx_word' id='word_1_153' title='bbox 410 1704 464 1737; x_wconf 88' lang='lat' dir='ltr'><strong>eutn</strong></span> <span class='ocrx_word' id='word_1_154' title='bbox 475 1690 562 1753; x_wconf 87' lang='lat' dir='ltr'><strong>recepit</strong></span> <span class='ocrx_word' id='word_1_155' title='bbox 575 1692 627 1735; x_wconf 82' lang='lat' dir='ltr'><strong>Dea</strong></span> <span class='ocrx_word' id='word_1_156' title='bbox 634 1682 738 1735; x_wconf 80' lang='lat' dir='ltr'><strong>Pasithea</strong></span> <span class='ocrx_word' id='word_1_157' title='bbox 748 1682 807 1735; x_wconf 77' lang='lat' dir='ltr'><strong>suu.</strong></span> 
     </span>
    </p>

    <p class='ocr_par' dir='ltr' id='par_1_14' title="bbox 228 1747 709 1818">
     <span class='ocr_line' id='line_1_25' title="bbox 228 1747 709 1818; baseline -0.012 -15"><span class='ocrx_word' id='word_1_158' title='bbox 228 1755 267 1803; x_wconf 84' lang='lat' dir='ltr'><strong>lta</strong></span> <span class='ocrx_word' id='word_1_159' title='bbox 315 1756 394 1818; x_wconf 82' lang='lat' dir='ltr'><strong>quiete</strong></span> <span class='ocrx_word' id='word_1_160' title='bbox 404 1749 472 1801; x_wconf 91' lang='lat' dir='ltr'><strong>molli</strong></span> <span class='ocrx_word' id='word_1_161' title='bbox 483 1751 565 1817; x_wconf 78' lang='lat' dir='ltr'><strong>rapida</strong></span> <span class='ocrx_word' id='word_1_162' title='bbox 575 1747 621 1799; x_wconf 83' lang='lat' dir='ltr'><strong>fine</strong></span> <span class='ocrx_word' id='word_1_163' title='bbox 630 1751 709 1810; x_wconf 87' lang='lat' dir='ltr'><strong>rabie,</strong></span> 
     </span>
    </p>

    <p class='ocr_par' dir='ltr' id='par_1_15' title="bbox 228 1812 886 2125">
     <span class='ocr_line' id='line_1_26' title="bbox 228 1812 778 1883; baseline -0.009 -16"><span class='ocrx_word' id='word_1_164' title='bbox 228 1816 304 1867; x_wconf 83' lang='lat' dir='ltr'><strong>simul</strong></span> <span class='ocrx_word' id='word_1_165' title='bbox 313 1818 361 1881; x_wconf 88' lang='lat' dir='ltr'><strong>ipse</strong></span> <span class='ocrx_word' id='word_1_166' title='bbox 371 1818 462 1883; x_wconf 70' lang='lat' dir='ltr'><strong>pedore</strong></span> <span class='ocrx_word' id='word_1_167' title='bbox 473 1822 532 1879; x_wconf 80' lang='lat' dir='ltr'><strong>Atys</strong></span> <span class='ocrx_word' id='word_1_168' title='bbox 543 1818 584 1864; x_wconf 83' lang='lat' dir='ltr'><strong>sua</strong></span> <span class='ocrx_word' id='word_1_169' title='bbox 594 1814 654 1863; x_wconf 74' lang='lat' dir='ltr'><strong>fana</strong></span> <span class='ocrx_word' id='word_1_170' title='bbox 663 1812 778 1874; x_wconf 87' lang='lat' dir='ltr'><strong>recoluit,</strong></span> 
     </span>
     <span class='ocr_line' id='line_1_27' title="bbox 228 1876 886 1961; baseline -0.005 -29"><span class='ocrx_word' id='word_1_171' title='bbox 228 1880 471 1961; x_wconf 67' lang='lat' dir='ltr'><strong>Liquidaquemente</strong></span> <span class='ocrx_word' id='word_1_172' title='bbox 485 1880 548 1930; x_wconf 85' lang='lat' dir='ltr'><strong>vidit</strong></span> <span class='ocrx_word' id='word_1_173' title='bbox 559 1878 605 1928; x_wconf 81' lang='lat' dir='ltr'><strong>fine</strong></span> <span class='ocrx_word' id='word_1_174' title='bbox 615 1881 697 1945; x_wconf 83' lang='lat' dir='ltr'><strong>queis,</strong></span> <span class='ocrx_word' id='word_1_175' title='bbox 712 1880 800 1944; x_wconf 87' lang='lat' dir='ltr'><strong>ubique</strong></span> <span class='ocrx_word' id='word_1_176' title='bbox 809 1876 886 1940; x_wconf 84' lang='lat' dir='ltr'><strong>foret,</strong></span> 
     </span>
     <span class='ocr_line' id='line_1_28' title="bbox 229 1941 871 1997; baseline -0.006 -1"><span class='ocrx_word' id='word_1_177' title='bbox 229 1952 322 1997; x_wconf 79' lang='lat' dir='ltr'><strong>Ammo</strong></span> <span class='ocrx_word' id='word_1_178' title='bbox 335 1945 442 1995; x_wconf 75' lang='lat' dir='ltr'><strong>aestuante</strong></span> <span class='ocrx_word' id='word_1_179' title='bbox 452 1947 545 1995; x_wconf 88' lang='lat' dir='ltr'><strong>rursum</strong></span> <span class='ocrx_word' id='word_1_180' title='bbox 554 1944 659 1993; x_wconf 87' lang='lat' dir='ltr'><strong>reditum</strong></span> <span class='ocrx_word' id='word_1_181' title='bbox 667 1942 698 1992; x_wconf 90' lang='lat' dir='ltr'><strong>ad</strong></span> <span class='ocrx_word' id='word_1_182' title='bbox 708 1941 771 1992; x_wconf 74' lang='lat' dir='ltr'><strong>vada</strong></span> <span class='ocrx_word' id='word_1_183' title='bbox 781 1944 871 1994; x_wconf 86' lang='lat' dir='ltr'><strong>retulit.</strong></span> 
     </span>
     <span class='ocr_line' id='line_1_29' title="bbox 228 2006 810 2071; baseline -0.01 -11"><span class='ocrx_word' id='word_1_184' title='bbox 228 2012 268 2060; x_wconf 82' lang='lat' dir='ltr'><strong>lbi</strong></span> <span class='ocrx_word' id='word_1_185' title='bbox 278 2012 354 2060; x_wconf 86' lang='lat' dir='ltr'><strong>maria</strong></span> <span class='ocrx_word' id='word_1_186' title='bbox 366 2011 428 2059; x_wconf 76' lang='lat' dir='ltr'><strong>valla</strong></span> <span class='ocrx_word' id='word_1_187' title='bbox 438 2012 515 2059; x_wconf 86' lang='lat' dir='ltr'><strong>viscus</strong></span> <span class='ocrx_word' id='word_1_188' title='bbox 526 2010 710 2071; x_wconf 75' lang='lat' dir='ltr'><strong>lacrymantibus</strong></span> <span class='ocrx_word' id='word_1_189' title='bbox 721 2006 810 2066; x_wconf 88' lang='lat' dir='ltr'><strong>oculis,</strong></span> 
     </span>
     <span class='ocr_line' id='line_1_30' title="bbox 228 2071 855 2125; baseline -0.01 0"><span class='ocrx_word' id='word_1_190' title='bbox 228 2076 334 2125; x_wconf 64' lang='lat' dir='ltr'><strong>latriam</strong></span> <span class='ocrx_word' id='word_1_191' title='bbox 344 2075 454 2124; x_wconf 83' lang='lat' dir='ltr'><strong>adlocuta</strong></span> <span class='ocrx_word' id='word_1_192' title='bbox 463 2090 523 2124; x_wconf 80' lang='lat' dir='ltr'><strong>voce</strong></span> <span class='ocrx_word' id='word_1_193' title='bbox 531 2073 563 2122; x_wconf 80' lang='lat' dir='ltr'><strong>cll</strong></span> <span class='ocrx_word' id='word_1_194' title='bbox 573 2077 608 2123; x_wconf 88' lang='lat' dir='ltr'><strong>ita</strong></span> <span class='ocrx_word' id='word_1_195' title='bbox 618 2071 712 2122; x_wconf 80' lang='lat' dir='ltr'><strong>moelltu</strong></span> <span class='ocrx_word' id='word_1_196' title='bbox 722 2073 855 2121; x_wconf 80' lang='lat' dir='ltr'><strong>miseritus:</strong></span> 
     </span>
    </p>
   </div>
   <div class='ocr_carea' id='block_1_5' title="bbox 127 2136 871 2203">
    <p class='ocr_par' dir='ltr' id='par_1_16' title="bbox 127 2136 871 2203">
     <span class='ocr_line' id='line_1_31' title="bbox 127 2136 871 2203; baseline -0.007 -13"><span class='ocrx_word' id='word_1_197' title='bbox 127 2187 131 2195; x_wconf 84' lang='lat'><strong>,</strong></span> <span class='ocrx_word' id='word_1_198' title='bbox 184 2178 186 2183; x_wconf 85' lang='lat'><em>.</em></span> <span class='ocrx_word' id='word_1_199' title='bbox 228 2140 324 2198; x_wconf 74' lang='lat' dir='ltr'><strong>Patria,</strong></span> <span class='ocrx_word' id='word_1_200' title='bbox 337 2137 352 2188; x_wconf 82' lang='lat' dir='ltr'><strong>b</strong></span> <span class='ocrx_word' id='word_1_201' title='bbox 363 2155 417 2187; x_wconf 82' lang='lat' dir='ltr'><strong>mea</strong></span> <span class='ocrx_word' id='word_1_202' title='bbox 426 2140 544 2197; x_wconf 78' lang='lat' dir='ltr'><strong>creatrix,</strong></span> <span class='ocrx_word' id='word_1_203' title='bbox 554 2141 631 2203; x_wconf 87' lang='lat' dir='ltr'><strong>patria</strong></span> <span class='ocrx_word' id='word_1_204' title='bbox 638 2173 647 2199; x_wconf 94' lang='lat'><strong>,</strong></span> <span class='ocrx_word' id='word_1_205' title='bbox 659 2136 676 2187; x_wconf 84' lang='grc' dir='ltr'><strong>ὃ</strong></span> <span class='ocrx_word' id='word_1_206' title='bbox 687 2153 740 2186; x_wconf 84' lang='lat' dir='ltr'><strong>mea</strong></span> <span class='ocrx_word' id='word_1_207' title='bbox 751 2140 871 2203; x_wconf 78' lang='lat' dir='ltr'><strong>genetrix,</strong></span> 
     </span>
    </p>
   </div>
   <div class='ocr_carea' id='block_1_6' title="bbox 214 2201 917 2671">
    <p class='ocr_par' dir='ltr' id='par_1_17' title="bbox 228 2201 917 2399">
     <span class='ocr_line' id='line_1_32' title="bbox 228 2201 917 2269; baseline 0.001 -18"><span class='ocrx_word' id='word_1_208' title='bbox 228 2205 281 2268; x_wconf 78' lang='lat' dir='ltr'><strong>Ego</strong></span> <span class='ocrx_word' id='word_1_209' title='bbox 291 2219 379 2269; x_wconf 83' lang='lat' dir='ltr'><strong>quam,</strong></span> <span class='ocrx_word' id='word_1_210' title='bbox 392 2204 477 2263; x_wconf 85' lang='lat' dir='ltr'><strong>miser,</strong></span> <span class='ocrx_word' id='word_1_211' title='bbox 490 2202 639 2268; x_wconf 77' lang='lat' dir='ltr'><strong>relinquens,</strong></span> <span class='ocrx_word' id='word_1_212' title='bbox 651 2202 762 2251; x_wconf 88' lang='lat' dir='ltr'><strong>dominos</strong></span> <span class='ocrx_word' id='word_1_213' title='bbox 774 2216 800 2251; x_wconf 88' lang='lat' dir='ltr'><strong>ut</strong></span> <span class='ocrx_word' id='word_1_214' title='bbox 808 2201 917 2269; x_wconf 77' lang='lat' dir='ltr'><strong>herifugae</strong></span> 
     </span>
     <span class='ocr_line' id='line_1_33' title="bbox 229 2265 883 2332; baseline -0.003 -14"><span class='ocrx_word' id='word_1_215' title='bbox 229 2268 322 2318; x_wconf 73' lang='lat' dir='ltr'><strong>Famuli</strong></span> <span class='ocrx_word' id='word_1_216' title='bbox 333 2269 423 2329; x_wconf 87' lang='lat' dir='ltr'><strong>solent,</strong></span> <span class='ocrx_word' id='word_1_217' title='bbox 435 2268 465 2317; x_wconf 88' lang='lat' dir='ltr'><strong>ad</strong></span> <span class='ocrx_word' id='word_1_218' title='bbox 476 2268 524 2316; x_wconf 81' lang='lat' dir='ltr'><strong>ldae</strong></span> <span class='ocrx_word' id='word_1_219' title='bbox 533 2268 602 2317; x_wconf 89' lang='lat' dir='ltr'><strong>tetuli</strong></span> <span class='ocrx_word' id='word_1_220' title='bbox 612 2282 711 2317; x_wconf 88' lang='lat' dir='ltr'><strong>nemora</strong></span> <span class='ocrx_word' id='word_1_221' title='bbox 723 2265 823 2332; x_wconf 80' lang='lat' dir='ltr'><strong>pedcm3</strong></span> <span class='ocrx_word' id='word_1_222' title='bbox 880 2310 883 2316; x_wconf 92' lang='lat'>.</span> 
     </span>
     <span class='ocr_line' id='line_1_34' title="bbox 230 2330 863 2399; baseline 0 -20"><span class='ocrx_word' id='word_1_223' title='bbox 230 2335 265 2379; x_wconf 85' lang='lat' dir='ltr'><strong>Ut</strong></span> <span class='ocrx_word' id='word_1_224' title='bbox 276 2332 353 2398; x_wconf 89' lang='lat' dir='ltr'><strong>apud,</strong></span> <span class='ocrx_word' id='word_1_225' title='bbox 368 2334 454 2393; x_wconf 84' lang='lat' dir='ltr'><strong>miser,</strong></span> <span class='ocrx_word' id='word_1_226' title='bbox 468 2332 572 2381; x_wconf 85' lang='lat' dir='ltr'><strong>ferarum</strong></span> <span class='ocrx_word' id='word_1_227' title='bbox 582 2332 662 2399; x_wconf 82' lang='lat' dir='ltr'><strong>gelida</strong></span> <span class='ocrx_word' id='word_1_228' title='bbox 671 2330 761 2380; x_wconf 71' lang='lat' dir='ltr'><strong>llabula</strong></span> <span class='ocrx_word' id='word_1_229' title='bbox 770 2330 848 2380; x_wconf 80' lang='lat' dir='ltr'><strong>forem</strong></span> <span class='ocrx_word' id='word_1_230' title='bbox 854 2365 863 2393; x_wconf 83' lang='lat'><strong>,</strong></span> 
     </span>
    </p>

    <p class='ocr_par' dir='ltr' id='par_1_18' title="bbox 229 2394 915 2593">
     <span class='ocr_line' id='line_1_35' title="bbox 229 2394 799 2447; baseline -0.002 -2"><span class='ocrx_word' id='word_1_231' title='bbox 229 2396 260 2445; x_wconf 75' lang='lat' dir='ltr'><strong>Et</strong></span> <span class='ocrx_word' id='word_1_232' title='bbox 271 2411 351 2445; x_wconf 90' lang='lat' dir='ltr'><strong>earum</strong></span> <span class='ocrx_word' id='word_1_233' title='bbox 363 2401 445 2446; x_wconf 80' lang='lat' dir='ltr'><strong>omnia</strong></span> <span class='ocrx_word' id='word_1_234' title='bbox 454 2397 546 2446; x_wconf 80' lang='lat' dir='ltr'><strong>&#39;adirem</strong></span> <span class='ocrx_word' id='word_1_235' title='bbox 556 2396 683 2447; x_wconf 75' lang='lat' dir='ltr'><strong>furibunda</strong></span> <span class='ocrx_word' id='word_1_236' title='bbox 692 2394 799 2446; x_wconf 82' lang='lat' dir='ltr'><strong>latibula.</strong></span> 
     </span>
     <span class='ocr_line' id='line_1_36' title="bbox 230 2459 915 2527; baseline 0.007 -19"><span class='ocrx_word' id='word_1_237' title='bbox 230 2460 350 2519; x_wconf 84' lang='lat' dir='ltr'><strong>Ubinam,</strong></span> <span class='ocrx_word' id='word_1_238' title='bbox 362 2476 403 2510; x_wconf 80' lang='lat' dir='ltr'><strong>aut</strong></span> <span class='ocrx_word' id='word_1_239' title='bbox 413 2463 498 2525; x_wconf 86' lang='lat' dir='ltr'><strong>quibus</strong></span> <span class='ocrx_word' id='word_1_240' title='bbox 509 2461 566 2510; x_wconf 86' lang='lat' dir='ltr'><strong>locis</strong></span> <span class='ocrx_word' id='word_1_241' title='bbox 577 2478 600 2511; x_wconf 90' lang='lat' dir='ltr'><strong>te</strong></span> <span class='ocrx_word' id='word_1_242' title='bbox 610 2459 726 2527; x_wconf 72' lang='lat' dir='ltr'><strong>politam,</strong></span> <span class='ocrx_word' id='word_1_243' title='bbox 745 2462 839 2527; x_wconf 85' lang='lat' dir='ltr'><strong>patria,</strong></span> <span class='ocrx_word' id='word_1_244' title='bbox 852 2461 915 2513; x_wconf 65' lang='lat' dir='ltr'><strong>rear!</strong></span> 
     </span>
     <span class='ocr_line' id='line_1_37' title="bbox 230 2524 790 2593; baseline 0.007 -22"><span class='ocrx_word' id='word_1_245' title='bbox 230 2524 269 2571; x_wconf 82' lang='lat' dir='ltr'><strong>Cu</strong></span> <span class='ocrx_word' id='word_1_246' title='bbox 287 2526 306 2572; x_wconf 90' lang='lat' dir='ltr'><strong>it</strong></span> <span class='ocrx_word' id='word_1_247' title='bbox 315 2527 323 2572; x_wconf 92' lang='lat' dir='ltr'><strong>i</strong></span> <span class='ocrx_word' id='word_1_248' title='bbox 340 2525 364 2573; x_wconf 85' lang='lat' dir='ltr'><strong>sa</strong></span> <span class='ocrx_word' id='word_1_249' title='bbox 373 2524 459 2589; x_wconf 83' lang='lat' dir='ltr'><strong>pupula</strong></span> <span class='ocrx_word' id='word_1_250' title='bbox 468 2524 498 2573; x_wconf 83' lang='lat' dir='ltr'><strong>nd</strong></span> <span class='ocrx_word' id='word_1_251' title='bbox 507 2540 531 2573; x_wconf 88' lang='lat' dir='ltr'><strong>tc</strong></span> <span class='ocrx_word' id='word_1_252' title='bbox 541 2524 582 2574; x_wconf 85' lang='lat' dir='ltr'><strong>fibi</strong></span> <span class='ocrx_word' id='word_1_253' title='bbox 590 2527 690 2593; x_wconf 79' lang='lat' dir='ltr'><strong>dirigere</strong></span> <span class='ocrx_word' id='word_1_254' title='bbox 699 2528 790 2584; x_wconf 86' lang='lat' dir='ltr'><strong>aciem,</strong></span> 
     </span>
    </p>

    <p class='ocr_par' dir='ltr' id='par_1_19' title="bbox 214 2540 862 2671">
     <span class='ocr_line' id='line_1_38' title="bbox 214 2540 862 2671; baseline -0.005 -28"><span class='ocrx_word' id='word_1_255' title='bbox 214 2656 215 2663; x_wconf 9' lang='grc' dir='ltr'>ἵ</span> <span class='ocrx_word' id='word_1_256' title='bbox 230 2540 308 2643; x_wconf 69' lang='lat' dir='ltr'><strong>hdie</strong></span> <span class='ocrx_word' id='word_1_257' title='bbox 318 2542 369 2639; x_wconf 63' lang='lat' dir='ltr'><strong>deta</strong></span> <span class='ocrx_word' id='word_1_258' title='bbox 378 2600 457 2640; x_wconf 83' lang='lat' dir='ltr'><strong>carens</strong></span> <span class='ocrx_word' id='word_1_259' title='bbox 467 2589 527 2640; x_wconf 88' lang='lat' dir='ltr'><strong>dum</strong></span> <span class='ocrx_word' id='word_1_260' title='bbox 537 2592 608 2644; x_wconf 79' lang='lat' dir='ltr'><strong>breve</strong></span> <span class='ocrx_word' id='word_1_261' title='bbox 618 2606 711 2671; x_wconf 75' lang='lat' dir='ltr'><strong>tempus</strong></span> <span class='ocrx_word' id='word_1_262' title='bbox 722 2593 815 2641; x_wconf 85' lang='lat' dir='ltr'><strong>animus</strong></span> <span class='ocrx_word' id='word_1_263' title='bbox 824 2588 862 2640; x_wconf 84' lang='lat' dir='ltr'><strong>est.</strong></span> 
     </span>
    </p>
   </div>
   <div class='ocr_carea' id='block_1_7' title="bbox 0 0 1011 3717">
    <p class='ocr_par' dir='ltr' id='par_1_20' title="bbox 0 0 1011 3717">
     <span class='ocr_line' id='line_1_39' title="bbox 0 0 1011 3717; baseline 0 0"><span class='ocrx_word' id='word_1_264' title='bbox 0 0 1011 3717; x_wconf 95' lang='lat' dir='ltr'><strong> </strong></span> 
     </span>
    </p>
   </div>
  </div>
 </body>
</html>
