1992 3717
210 151 532 203 ELEGIARUM
564 156 656 202 ΗΒ.
725 169 769 217 329

110 242 206 308 Arguto
212 237 334 352 1quidquid
346 256 466 320 murmure
475 239 543 290 dulce
553 241 629 308 loqui.
641 307 646 320 1

76 305 146 357 Hanc
157 319 202 372 ego
223 305 338 354 altantem
348 305 426 353 subtto
436 320 556 370 correptus
567 323 646 357 amatr
652 340 662 368 ,

110 375 139 420 Et
203 373 211 418 i
220 372 307 418 tacitus
317 368 414 417 vulnera
423 384 491 434 grata
501 373 560 434 pati.

38 485 41 488 ,
75 436 114 484 Sic
123 451 163 482 mc
193 430 269 483 ‘versit
278 434 378 482 tranum
388 432 417 480 de
428 435 533 497 partibus
540 469 548 493 ,
561 451 608 486 una

108 499 229 562 carpebat
239 500 312 546 variis
322 496 402 562 pulcra
412 497 488 561 puella
496 493 583 548 modis.

75 563 173 628 Singula
185 563 237 610 visa
248 560 336 619 semel,
347 562 437 625 semper
447 579 579 612 memorare
590 562 694 626 libebat,

108 626 281 737 liaerebanttpue
291 627 375 674 animo
383 626 449 673 node
459 659 466 685 ‚
477 625 562 738 diepue
573 645 637 678 meo.

9 722 10 727 =
74 694 139 756 Saepe
151 681 215 739 volut
225 703 242 737 ν
252 690 281 736 sae
291 688 386 737 laetabar
395 691 505 754 imagine
526 708 613 752 orma,

107 758 138 803 Et
147 751 230 819 prorui
240 753 342 801 absentis
351 769 426 812 voce,
437 770 555 819 manuque
566 755 622 804 frui.

9 844 10 847 =
74 820 138 883 sape
149 816 216 866 velut
225 818 323 882 presens
332 815 420 876 fecerit,
435 834 529 865 mecum
538 821 585 884 ipse
597 819 726 886 loquebar:
771 815 772 822 ἵ

9 930 10 933 ,
106 882 243 931 cantabam
253 879 341 929 dulceis
347 915 355 939 ,
367 897 426 946 quos
438 879 496 930 solet
506 880 563 942 illa,
574 883 667 936 modos.

9 948 10 1001 ζ
74 948 202 1012 Oquoties
211 943 322 1003 demens,
331 948 425 1010 quoties
436 943 481 994 sine
491 961 571 994 mente
581 947 688 998 ferebar!

107 1013 160 1058 Nec
166 1042 175 1067 ‚
187 1023 246 1074 puro
252 1041 260 1067 ,
272 1007 384 1068 fallebar,
393 1025 438 1057 nec
447 1011 505 1058 bene
517 1011 584 1060 sanus
593 1029 667 1062 eram.

74 1077 156 1140 Atque
166 1072 267 1138 aliquis,
279 1075 317 1121 cui
327 1089 387 1122 taeca
397 1072 458 1122 foret
467 1075 526 1122 bene
537 1091 595 1127 nota
605 1077 715 1144 voluptas
718 1109 730 1138 ,

104 1141 197 1186 Cantat
207 1150 358 1194 cantantem,
370 1141 529 1188 Maximianus
538 1156 612 1190 amat.

71 1199 145 1251 Certi
155 1198 252 1249 difficile
264 1200 294 1248 est
304 1201 445 1250 abscondere
455 1205 554 1268 pedorlr
562 1205 626 1254 astus
632 1237 641 1264 ,

103 1265 220 1314 Panditur
229 1268 254 1314 δι
262 1265 342 1314 claud>
352 1266 366 1312 s
398 1263 432 1314 itis
442 1284 484 1315 ore
495 1265 569 1316 furor.

72 1332 138 1382 Nam
147 1326 227 1378 subitb
236 1325 342 1378 inficiens
352 1347 384 1378 vu
394 1346 446 1379 tum
456 1331 594 1396 pallorque,
606 1332 738 1397 ruborque,

102 1391 228 1460 interdum
236 1407 305 1442 certa
314 1397 381 1443 vocis
388 1396 490 1444 habebar
501 1411 568 1459 opus.

69 1461 123 1515 Nec
131 1455 210 1507 mimia
219 1459 269 1522 ipsa
281 1474 344 1506 meas
355 1458 486 1523 prodebant
497 1460 590 1509 somnia
598 1474 667 1510 curat
673 1493 683 1521 ,

102 1525 202 1572 Somnia
212 1523 294 1571 secreti
303 1539 353 1570 non
363 1523 421 1572 bene
432 1521 479 1572 fida
488 1526 545 1572 mei.

69 1589 137 1640 Nam
144 1584 203 1645 ‚ctlm
212 1587 302 1652 sopitos
312 1601 445 1652 premerent
456 1587 547 1636 oblivia
559 1588 652 1648 sensus,

102 1647 217 1700 eonfelsa
227 1650 258 1698 est
266 1651 357 1700 facinus
367 1652 461 1701 conscia
469 1651 550 1717 lingua
560 1652 635 1701 suum.

68 1712 351 1773 Candida,clamabam‚
377 1713 761 1781 ropeta:cut‚Candida,cell'as-?

101 1782 160 1831 Nox
170 1779 235 1838 abit,
247 1783 272 1830 bt
282 1779 351 1830 furtis
359 1733 401 1828 iux
411 1783 510 1828 inimica
519 1784 595 1831 venit.¹

66 1845 193 1895 Proximus
204 1855 231 1891 ut
240 1846 335 1910 genitor
344 1861 437 1893 mecum
447 1847 577 1894 comitatur
584 1845 667 1896 amat'a

103 1909 223 1972 Virginis,
234 1911 258 1956 in
270 1908 348 1976 gelida
358 1906 420 1958 forti
431 1909 523 1973 jacebat
534 1909 625 1958 humor

66 1971 137 2026 Illius
146 1971 177 2020 ad
186 1985 275 2021 nomen
284 1975 390 2022 turbatos
401 1975 488 2021 excitat
498 1985 562 2020 artus
573 1991 582 2032 3

101 2035 191 2094 uniit,
203 2039 228 2085 br
239 2051 319 2087 natam
329 2036 404 2087 credit
414 2033 490 2086 adesse
500 2037 575 2084 suam.

65 2103 160 2154 omnia
171 2099 322 2159 collustrans,
333 2117 387 2154 toto
399 2119 437 2150 me
449 2102 541 2166 pedore
553 2101 665 2150 somnum

101 2166 217 2230 Prospicit
227 2163 363 2224 afflantem,
376 2183 418 2214 nec
430 2161 563 2214 meminisse
573 2167 630 2214 mei.

64 2235 139 2283 Vena
151 2238 234 2294 putas?
244 2246 275 2279 an
285 2246 340 2280 vera
349 2232 419 2295 sopor
427 2229 531 2278 ludibria
541 2230 630 2292 instat!

102 2299 131 2344 Et
142 2308 166 2342 te
176 2310 259 2353 vetus,
270 2296 304 2342 ait
329 2296 428 2360 penoris
437 2294 508 2349 ardor
518 2290 589 2341 habet
599 2301 607 2339 3

60 2358 150 2412 Credo
160 2358 270 2422 equidem
283 2329 381 2408 alluerat
392 2362 474 2409 animo
484 2373 586 2406 remeate
597 2353 698 2422 figuram

102 2427 132 2473 Et
143 2421 213 2471 fallax
224 2422 326 2471 studium
339 2422 399 2472 ludit
411 2426 491 2488 imago
503 2425 580 2470 suum.

57 2486 121 2543 'stat
130 2500 211 2539 tamen
221 2491 351 2546 attonitus,
361 2488 514 2553 perpletaque
523 2501 644 2537 murmura
652 2499 746 2552 captat,

101 2555 132 2606 Et
141 2552 336 2622 tacititptecibus
346 2552 423 2603 dicere
430 2552 498 2620 plura
508 2565 585 2666 rugai.

182 2625 188 2643 ¹
599 2631 612 2663 e
